@techreport{nasa2021,
  author = {NASA},
  title = {State-of-the-Art for Small Satellite Propulsion Systems},
  institution = {NASA},
  year = {2016},
  url = {https://ntrs.nasa.gov/api/citations/20160010571/downloads/20160010571.pdf}
}

@article{khader2018space,
  title={Space micropropulsion systems for Cubesats and small satellites},
  author={Khader, S. N. and others},
  journal={Journal of Micromechanics and Microengineering},
  volume={28},
  number={10},
  pages={103001},
  year={2018},
  publisher={IOP Publishing},
  doi={10.1088/1361-6439/aadf0d},
  url={https://s3vi.ndc.nasa.gov/ssri-kb/static/resources/1.5007734.pdf}
}

@techreport{skidmore2016,
  author = {Skidmore, R.},
  title = {Design and Testing of a Cold Gas Attitude Control System for a 3U CubeSat},
  institution = {Georgia Institute of Technology Space Systems Design Lab},
  year = {2016},
  url = {https://ssdl1.gatech.edu/sites/default/files/ssdl-files/papers/mastersProjects/Skidmore_AE_8900.pdf}
}

@article{adelis2019,
  author = {Solan, O. and Agmon, G. and Zadka, A. and Gurfil, P.},
  title = {Fabrication and Testing of the Cold Gas Propulsion System Flight Model for the Adelis-SAMSON Nano-Satellites},
  journal = {Aerospace},
  volume = {6},
  number = {10},
  pages = {91},
  year = {2019},
  doi = {10.3390/aerospace6100091},
  url = {https://s3vi.ndc.nasa.gov/ssri-kb/static/resources/aerospace-06-00091.pdf}
}

https://www.irjet.net/archives/V7/i10/IRJET-V7I10350.pdf
https://s3vi.ndc.nasa.gov/ssri-kb/static/resources/1.5007734.pdf
https://www.mdpi.com/2226-4310/4/4/58
https://en.wikipedia.org/wiki/Cold_gas_thruster#cite_note-:2-3
https://arc.aiaa.org/doi/10.2514/6.2016-5493
https://ssdl1.gatech.edu/sites/default/files/ssdl-files/papers/mastersProjects/Skidmore_AE_8900.pdf
https://ntrs.nasa.gov/api/citations/20160010571/downloads/20160010571.pdf
https://www.esa.int/Enabling_Support/Space_Engineering_Technology/Technology_CubeSats_overview
https://s3vi.ndc.nasa.gov/ssri-kb/static/resources/aerospace-06-00091.pdf#:~:text=To%20maintain%20formation%2C%20each%20nano-satellite%20is%20equipped%20with,nano-satellite%20propulsion%20system%20is%20presented%20in%20this%20paper.
https://s3vi.ndc.nasa.gov/ssri-kb/static/resources/Survey%20SmallSat%20Prop%20JSR%20V58_No1.pdf